<?xml version="1.0" encoding="UTF-8"?><record xmlns="http://www.loc.gov/MARC21/slim" xmlns:cinclude="http://apache.org/cocoon/include/1.0" xmlns:zs="http://www.loc.gov/zing/srw/">
  <leader>00334nz  a2200121n  4500</leader>
  <controlfield tag="001">nr 97028654 </controlfield>
  <controlfield tag="003">DLC</controlfield>
  <controlfield tag="005">19970815052445.2</controlfield>
  <controlfield tag="008">970814n| acannaab|          |n aaa      </controlfield>
  <datafield tag="010" ind1=" " ind2=" ">
    <subfield code="a">nr 97028654 </subfield>
  </datafield>
  <datafield tag="040" ind1=" " ind2=" ">
    <subfield code="a">DLC-R</subfield>
    <subfield code="c">DLC-R</subfield>
  </datafield>
  <datafield tag="100" ind1="1" ind2="0">
    <subfield code="a">Moon, Hie-Tae</subfield>
  </datafield>
  <datafield tag="670" ind1=" " ind2=" ">
    <subfield code="a">Nonlinear dynamics and chaos, 1997:</subfield>
    <subfield code="b">CIP t.p. (Hie-Tae Moon; KAIST, South Korea)</subfield>
  </datafield>
</record>